<?xml version="1.0" encoding="UTF-8"?><collection xmlns="http://www.loc.gov/MARC21/slim"><record><leader>00419nam--2200121-i-4500</leader><controlfield tag="001">000028461</controlfield><controlfield tag="002">20161230</controlfield><controlfield tag="005">20161230201037</controlfield><controlfield tag="008">060222s1000------------r-----000-0-eng-d</controlfield><datafield ind1=" " ind2=" " tag="080"><subfield code="a">621.391.63(061.3)</subfield></datafield><datafield ind1=" " ind2=" " tag="245"><subfield code="a">Ii karjowe symposzjum swiatlowody i ich zastosowania zorganizowane pod protektoratem. prof.dra edwarda kowalczyka jabonna, 13-15 luty 1979</subfield></datafield><datafield ind1=" " ind2=" " tag="260"><subfield code="a">Warszawa, Polska Akademia Nauk, 1979, 376p</subfield></datafield><datafield ind1=" " ind2=" " tag="852"><subfield code="a">71577</subfield></datafield></record></collection>